<?xml version="1.0" encoding="UTF-8"?><record xmlns="http://www.loc.gov/MARC21/slim" xmlns:cinclude="http://apache.org/cocoon/include/1.0" xmlns:zs="http://www.loc.gov/zing/srw/">
  <leader>00553nz  a2200145n  4500</leader>
  <controlfield tag="001">no2009134594</controlfield>
  <controlfield tag="003">DLC</controlfield>
  <controlfield tag="005">20090828075409.0</controlfield>
  <controlfield tag="008">090826n| acannaabn          |a aaa     c</controlfield>
  <datafield tag="010" ind1=" " ind2=" ">
    <subfield code="a">no2009134594</subfield>
  </datafield>
  <datafield tag="035" ind1=" " ind2=" ">
    <subfield code="a">(OCoLC)oca08219297</subfield>
  </datafield>
  <datafield tag="040" ind1=" " ind2=" ">
    <subfield code="a">MX-SlUA</subfield>
    <subfield code="b">eng</subfield>
    <subfield code="c">MX-SlUA</subfield>
  </datafield>
  <datafield tag="100" ind1="1" ind2=" ">
    <subfield code="a">González Rodríguez, Fernando</subfield>
  </datafield>
  <datafield tag="400" ind1="1" ind2=" ">
    <subfield code="a">Rodríguez, Fernando González</subfield>
  </datafield>
  <datafield tag="670" ind1=" " ind2=" ">
    <subfield code="a">Análisis demográfico del Estado de San Luis Potosí por regiones, 1984:</subfield>
    <subfield code="b">t.p. (Fernando González Rodríguez; Universidad Autónoma de San Luis Potosí; Licenciado en Economía)</subfield>
  </datafield>
</record>